<?xml version="1.0" encoding="UTF-8"?><collection xmlns="http://www.loc.gov/MARC21/slim"><record><leader>00443nam--2200157-i-4500</leader><controlfield tag="001">000016939</controlfield><controlfield tag="002">20161230</controlfield><controlfield tag="005">20170107165932</controlfield><controlfield tag="008">060222s1000------------r-----000-0-eng-d</controlfield><datafield ind1=" " ind2=" " tag="100"><subfield code="a">Kiss, Dezs¿</subfield></datafield><datafield ind1=" " ind2=" " tag="245"><subfield code="a">Bevezet©♭s a kis©♭rleti r©♭szecskefizik©Łba</subfield></datafield><datafield ind1=" " ind2=" " tag="260"><subfield code="a">Budapest</subfield><subfield code="b">Akad©♭miai Kiad©đ</subfield><subfield code="c">1990</subfield></datafield><datafield ind1=" " ind2=" " tag="300"><subfield code="a">267 p</subfield></datafield><datafield ind1=" " ind2=" " tag="490"><subfield code="a">Az Atomenergia-©♭s Magkutat©Łs ©jabb Eredm©♭nyei</subfield></datafield><datafield ind1=" " ind2=" " tag="852"><subfield code="a">539.12.162.8</subfield></datafield><datafield ind1=" " ind2=" " tag="CAT"><subfield code="a">SYS</subfield><subfield code="c">20170107</subfield><subfield code="h">165932</subfield></datafield></record></collection>